[gd_scene load_steps=3 format=2]

[ext_resource path="res://resources/noto_sans_regular.tres" type="DynamicFont" id=1]
[ext_resource path="res://scripts/gui/menu/selection_after_game.gd" type="Script" id=2]

[node name="selection" type="MarginContainer"]
anchor_right = 1.0
anchor_bottom = 1.0
script = ExtResource( 2 )
__meta__ = {
"_edit_use_anchors_": false
}

[node name="color_rect" type="ColorRect" parent="."]
margin_right = 540.0
margin_bottom = 990.0
color = Color( 0, 0.462745, 0.462745, 1 )

[node name="center_container" type="CenterContainer" parent="."]
margin_right = 540.0
margin_bottom = 990.0

[node name="v_box_container" type="VBoxContainer" parent="center_container"]
margin_left = 5.0
margin_top = 362.0
margin_right = 535.0
margin_bottom = 627.0
size_flags_horizontal = 0
size_flags_vertical = 0
custom_constants/separation = 20

[node name="restart_button" type="Button" parent="center_container/v_box_container"]
margin_right = 530.0
margin_bottom = 75.0
custom_fonts/font = ExtResource( 1 )
text = "Restart Game"

[node name="selection_menu_button" type="Button" parent="center_container/v_box_container"]
margin_top = 95.0
margin_right = 530.0
margin_bottom = 170.0
custom_fonts/font = ExtResource( 1 )
text = "Player Selection Menu"

[node name="main_menu_button" type="Button" parent="center_container/v_box_container"]
margin_top = 190.0
margin_right = 530.0
margin_bottom = 265.0
custom_fonts/font = ExtResource( 1 )
text = "Main Menu"
[connection signal="pressed" from="center_container/v_box_container/restart_button" to="." method="_on_restart_button_pressed"]
[connection signal="pressed" from="center_container/v_box_container/selection_menu_button" to="." method="_on_selection_menu_button_pressed"]
[connection signal="pressed" from="center_container/v_box_container/main_menu_button" to="." method="_on_main_menu_button_pressed"]
